<?xml version="1.0" encoding="UTF-8"?><record xmlns="http://www.loc.gov/MARC21/slim" xmlns:cinclude="http://apache.org/cocoon/include/1.0" xmlns:zs="http://www.loc.gov/zing/srw/">
  <leader>00809nz  a2200145n  4500</leader>
  <controlfield tag="001">n  95065172 </controlfield>
  <controlfield tag="003">DLC</controlfield>
  <controlfield tag="005">19950703083634.7</controlfield>
  <controlfield tag="008">950703n| acannaab|          |a ana |||  </controlfield>
  <datafield tag="010" ind1=" " ind2=" ">
    <subfield code="a">n  95065172 </subfield>
  </datafield>
  <datafield tag="040" ind1=" " ind2=" ">
    <subfield code="a">DLC</subfield>
    <subfield code="c">DLC</subfield>
  </datafield>
  <datafield tag="110" ind1="2" ind2="0">
    <subfield code="a">Universität München.</subfield>
    <subfield code="b">Institut für die gesamten Strafrechtswissenschaften</subfield>
  </datafield>
  <datafield tag="410" ind1="2" ind2="0">
    <subfield code="a">Universität München.</subfield>
    <subfield code="b">Juristische Fakultät.</subfield>
    <subfield code="b">Institut für die gesamten Strafrechtswissenschaften</subfield>
  </datafield>
  <datafield tag="670" ind1=" " ind2=" ">
    <subfield code="a">Criminalia ; Bd. 3. Die Vergabe von Wirtschaftssubventionen und strafrechtliche Verantwortlichkeit ... c1994:</subfield>
    <subfield code="b">p. 3 (Instituts für die gesamten Strafrechtswissenschaften der Universität München)</subfield>
  </datafield>
  <datafield tag="670" ind1=" " ind2=" ">
    <subfield code="a">Bundesrep. Dt. Staatshandb., Bayern, 1993/94:</subfield>
    <subfield code="b">p. 110 (under Univ. München: Juristische Fakultät, Institut für die gesamten Strafrechtswissenchaften)</subfield>
  </datafield>
</record>